3000 4920
451 297 676 362 MENSVRA
704 298 995 362 nuruumict.
1223 304 1287 367 128

168 468 272 540 thesis
295 468 428 562 duplici
453 471 523 542 ictu
545 470 642 564 pedis
667 481 816 558 notetur,
858 495 966 562 coque
986 471 1115 542 rationo
1135 474 1232 564 quasi
1251 475 1286 541 in

168 573 251 643 duas
279 585 518 663 quaternorum
553 586 745 668 temporum
777 584 890 668 partes
918 575 1104 644 dividatur:
1144 599 1185 646 cx
1214 599 1284 666 quo

167 678 399 766 consequitur,
426 679 529 764 arsin,
554 700 661 768 quac,
686 689 724 749 nt
754 701 795 747 ex
818 686 976 768 quattuor
995 688 1125 749 tantum
1145 689 1283 772 tempo-

167 781 257 849 ntus
280 791 454 869 constans,
480 782 676 869 artificiosa,
710 782 731 849 i.
752 806 782 850 e.
813 782 968 852 fictarum
990 783 1154 873 partium,
1187 793 1287 850 nota-

166 884 257 952 tionc
286 905 357 953 non
385 903 473 976 opus
506 885 674 970 habebat,
710 908 753 952 ne
786 884 1117 954 commemorandam
1146 885 1287 974 quidem

167 984 278 1059 inimo.
331 987 450 1077 ltaque
473 998 511 1056 ut
531 988 680 1080 vulgaris
700 985 881 1056 trochaeus
897 998 964 1055 tros
987 985 1138 1057 habebat
1162 1011 1286 1074 moras,

166 1089 213 1161 tic
238 1102 407 1159 sumamus
437 1091 498 1159 ilie
527 1102 640 1182 partes
675 1091 968 1182 complectebatur
1004 1100 1088 1176 tres,
1128 1101 1287 1180 quattuor

167 1214 340 1283 quumque
354 1201 558 1285 temporum,
583 1214 728 1284 quarum
742 1195 890 1285 partium
906 1195 1037 1286 priores
1048 1216 1154 1283 quum
1167 1196 1203 1263 iu
1217 1215 1286 1264 nno

167 1316 250 1364 rouo
270 1296 537 1388 comprehensae
560 1296 663 1367 facite
684 1296 769 1365 iusta
789 1319 945 1366 mensura
966 1297 1120 1368 excidero
1136 1307 1285 1390 possent,

168 1420 285 1468 omncs
303 1407 372 1468 tres
389 1410 502 1492 partes
517 1401 585 1470 ictu
601 1401 715 1489 aliquo
736 1400 834 1492 pedis
855 1401 914 1469 vel
934 1420 1051 1469 manus
1074 1404 1285 1486 notabantur,

167 1522 313 1592 quornm
331 1501 460 1572 ictuum
479 1504 548 1572 duo
579 1505 710 1595 priores
731 1501 958 1600 ἑπιτεχνηταὶ
984 1504 1140 1574 dicuutur
1165 1529 1286 1602 σημα-

168 1601 263 1694 cicc,
303 1604 399 1694 quod
423 1629 491 1674 uon
512 1606 659 1697 syllabas
684 1605 787 1690 duas,
819 1605 881 1674 sed
908 1610 1004 1675 unius
1023 1607 1174 1696 syllabam
1201 1606 1285 1674 duas

167 1715 281 1799 partes
310 1707 553 1778 discernebant
605 1709 678 1779 Sed
702 1710 807 1778 finem
835 1709 937 1778 facio.
988 1709 1179 1779 Existimari
1203 1729 1285 1777 vero

169 1830 209 1878 ox
228 1808 286 1879 lus
306 1808 454 1904 poterit,
474 1836 585 1904 neque
601 1813 777 1882 metricam
800 1811 989 1882 doctrinam
1008 1814 1053 1881 ab
1073 1812 1165 1880 omui
1188 1820 1286 1903 parto
1424 1878 1438 1885 ..

168 1911 465 2086 mxplanatam
480 1940 562 2007 esse,
587 1915 817 2008 rhythmicam
836 1926 947 1986 autem
961 1913 1124 1989 adhuc'iu
1138 1915 1286 1986 tenebris

291 2039 415 2090 tacere.
