3000 4920
433 283 673 348 THESAVRI
702 283 1030 371 summitur.
1221 287 1285 350 251

168 465 265 551 optet
284 457 331 525 ita
353 459 481 528 lactum
505 483 577 528 esse
601 457 770 542 Iudicem,
794 466 833 525 ut
852 458 971 526 ordine
993 457 1111 548 primi,
1137 456 1285 543 secundi,

168 562 257 632 tertii
275 561 373 647 libri,
399 562 499 632 etsie
523 562 702 654 deinceps,
734 562 884 652 singulus
908 563 1020 647 locos,
1046 584 1172 651 eosque
1193 561 1284 653 ipsos

170 665 216 734 ad
238 664 394 733 ordinem
419 688 593 751 versuum,
627 686 696 754 quo
729 665 823 755 apud
851 666 1042 733 Homerum
1071 665 1186 755 scripti
1210 673 1286 733 sunt

169 766 348 864 ‹lispositos
377 768 577 858 conspiciat,
617 790 686 858 quo
712 769 840 851 statim,
881 768 974 857 quud
1000 769 1099 851 velit,
1138 768 1286 836 invenire

169 880 291 961 queat,
320 895 384 941 nee
407 872 558 939 millenos
579 872 677 942 locos
695 871 729 938 in
753 872 907 939 omnibus
926 872 1149 940 voluminibus
1165 871 1286 938 frustra

123 960 132 970 ⁸
168 975 336 1067 inspicere
348 974 512 1066 cogatur?
536 976 618 1043 Hoc
636 975 740 1066 igitur
761 976 796 1042 in
819 976 974 1043 omnibus
994 976 1209 1066 scriptoribus
1231 974 1286 1041 la-

170 1078 328 1146 ciendum
347 1101 416 1145 esse
438 1100 626 1163 censemur,
660 1101 703 1146 ne
723 1077 859 1168 insignis
885 1101 963 1169 pars
984 1079 1149 1164 utilitatis,
1183 1100 1286 1166 quam

169 1180 229 1250 hie
243 1181 331 1250 liber
342 1179 517 1248 habiturus
535 1191 601 1266 est,
627 1180 786 1270 eripiatur
800 1180 858 1266 iis,
883 1182 942 1271 qui
960 1203 1002 1252 eu
1025 1182 1115 1249 usuri
1131 1181 1203 1250 sint.
1239 1181 1287 1249 Et

169 1307 373 1374 quamquam
397 1284 468 1353 hoe
487 1306 624 1374 quoqne
644 1284 797 1352 immensi
821 1307 892 1353 esse
913 1284 1039 1355 laboris
1059 1274 1200 1369 scimus,
1231 1292 1286 1350 ta-

169 1411 248 1456 men
267 1410 334 1455 non
359 1387 568 1475 dubitamus,
607 1388 689 1476 quin
720 1391 821 1456 etiam
844 1388 984 1457 laudem
1016 1412 1057 1457 ea
1084 1411 1136 1457 res
1158 1397 1285 1456 tantam

170 1489 329 1559 habitura
352 1491 412 1575 sit,
452 1500 490 1558 ut
509 1493 592 1558 'eam
619 1514 689 1560 non
724 1490 787 1557 sint
822 1491 883 1559 sibi
916 1492 1032 1563 deesse
1065 1493 1195 1583 passuri
1222 1491 1284 1561 viri

167 1594 447 1686 praestantissimi.

272 1751 316 1820 l).
345 1748 482 1840 Lipsiae
508 1767 622 1814 mense
647 1746 759 1837 Aprili
784 1771 814 1814 a.
836 1747 1067 1819 eiaiacccxviii.
