3000 4920
318 1504 536 1594 ruosx
596 1450 1137 1588 orvscvsouviu.

1242 2181 1286 2221 a.

94 2350 100 2357 ἡ
197 2277 227 2335 1.
250 2269 293 2327 De
303 2266 484 2347 argumentis
497 2285 554 2346 pro
568 2264 744 2343 antiquitate
758 2263 873 2343 Orphei
888 2262 1160 2340 Argonauticorum
1220 2180 1279 2240 Η

298 2387 427 2447 maxime
442 2408 459 2442 a
473 2384 711 2462 Koenigsmanno
729 2384 827 2442 allatis
842 2383 1062 2444 dissertatio.
1150 2430 1157 2447 .
1267 2386 1285 2445 1

196 2549 227 2608 2.
249 2542 292 2601 De
302 2542 417 2621 legibus
433 2534 612 2620 quibusdam
624 2537 829 2597 subtilioribus
841 2539 984 2598 sermonis
998 2538 1151 2599 Homerici

299 2660 466 2722 dissertatio
484 2659 583 2740 prima
633 2699 1117 2720 ......
1247 2660 1286 2721 18

195 2818 227 2877 3.
248 2816 292 2875 De
304 2816 417 2894 legibus
432 2812 608 2893 quibusdam
623 2810 830 2870 subtilioribus
846 2809 991 2870 sermonis
1007 2809 1158 2872 Homerici

299 2932 469 2995 dissertatio
484 2930 616 2993 secunda
678 2974 1160 2996 ......
1245 2937 1288 3003 40

194 3091 224 3154 4.
247 3087 290 3147 De
304 3082 449 3167 Aeschyli
464 3086 585 3147 Glaucia
601 3084 771 3145 dissertatio
827 3130 834 3144 .
920 3132 928 3147 .
1014 3132 1023 3147 .
1110 3135 1118 3150 .
1245 3093 1288 3159 59

193 3244 225 3307 5.
246 3241 289 3300 De
299 3240 434 3302 versibus
450 3241 560 3322 spuriis
574 3240 657 3321 apud
670 3238 852 3320 Aeschylum
867 3240 1036 3302 dissertatio
1057 3288 1065 3305 .
1153 3291 1160 3305 .
1245 3252 1288 3312 76

193 3400 225 3460 6.
246 3395 290 3455 De
304 3392 445 3476 Aeschyli
458 3395 555 3456 Persis
566 3393 735 3457 dissertatio
757 3436 765 3453 .
830 3440 838 3455 .
923 3438 931 3453 .
1017 3443 1025 3457 .
1110 3446 1121 3466 .
1245 3408 1287 3467 87

194 3555 225 3613 7.
244 3550 288 3610 De
314 3559 480 3611 metrorum
510 3548 710 3630 quorumdam
737 3568 877 3611 mensura
896 3506 1069 3632 rhythmica
1098 3555 1162 3618 dis.

257 3669 380 3729 sertatio
423 3709 1161 3738 ........
1226 3678 1288 3744 105

191 3826 223 3888 8.
244 3821 286 3883 De
306 3821 401 3884 choro
423 3824 624 3887 Eumenidum
646 3822 788 3905 Aeschyli
809 3822 979 3886 dissertatio
1000 3828 1099 3909 prima
1226 3838 1289 3903 124

190 3983 223 4044 9.
246 3977 288 4038 De
309 3977 403 4040 choro
425 3979 624 4041 Eumenidum
645 3980 789 4062 Aeschyli
810 3980 980 4043 dissertatio
1003 3985 1133 4047 secunda
1227 3997 1289 4061 139

170 4139 223 4200 10.
246 4133 289 4193 De
308 4134 495 4216 mythologie
517 4136 702 4198 Graecorum
723 4082 931 4218 anticuissima
1016 4182 1024 4197 .
1111 4188 1118 4203 .
1226 4152 1288 4215 167

168 4293 221 4354 11.
244 4288 287 4348 De
307 4286 450 4352 historiae
471 4294 601 4354 Graecae
620 4294 791 4375 primordiis
812 4292 983 4357 decenario
1058 4346 1066 4361 .
1153 4344 1160 4358 ·
1226 4302 1289 4368 195
